% - No documento deverão aparecer referências sobre: 
%   a) O problema a ser tratado. 
%   b) Soluções existentes para o problema. 
%   c) Tecnologias candidatas. 
%   d) Tecnologias de desenvolvimento escolhidas.

% - Todas as referências devem aparecer no corpo do trabalho, no início das seções ou no final dos parágrafos em que o material foi utilizado.

@book{domain-driven-design,
  author = {Eric Evans},
  title = {Domain-Driven Design: Tackling Complexity in the Heart of Software},
  publisher = {Addison-Wesley Professional},
  year = {2003}
}

@book{clean-architecture,
  author = {Uncle Bob},
  title = {Clean Architecture: A Craftsman's Guide to Software Structure and Design},
  publisher = {Pearson},
  year = {2017}
}

@book{object-oriented-software-construction,
  author = {Bertrand Meyer},
  title = {Object Oriented Software Construction},
  publisher = {Pearson College Div},
  edition = {2},
  year = {2000}
}

@book{hexagonal-architecture,
  title = {Hexagonal architecture},
	author = {Alistair Cockburn},
	note = {Acesso em 20 de fevereiro de 2022},
	howpublished = {Disponível em: <\url{https://alistair.cockburn.us/hexagonal-architecture}>},
	year = {2005}
}

@misc{wikipedia,
  title = {Wikipedia},
	note = {Acesso em 20 de fevereiro de 2022},
	howpublished = {Disponível em: <\url{https://pt.wikipedia.org}>},
	year = {2022}
}

@misc{waze,
  title = {Waze},
	note = {Acesso em 20 de fevereiro de 2022},
	howpublished = {Disponível em: <\url{https://www.waze.com}>},
	year = {2022}
}

@misc{citizen,
  title = {Aplicativo Citizen},
	note = {Acesso em 20 de fevereiro de 2022},
	howpublished = {Disponível em: <\url{https://play.google.com/store/apps/details?id=sp0n.citizen&hl=pt_BR&gl=US}>},
	year = {2022}
}

@misc{sp-mais-segura,
  title = {Aplicativo SP+ segura},
	note = {Acesso em 20 de fevereiro de 2022},
	howpublished = {Disponível em: <\url{https://play.google.com/store/apps/details?id=com.policiapopular.spsegura&hl=pt_BR&gl=US}>},
	year = {2022}
}

@misc{redis,
  title = {Redis documentation},
	note = {Acesso em 20 de fevereiro de 2022},
	howpublished = {Disponível em: <\url{https://redis.io}>},
	year = {2022}
}

@misc{postgresql,
  title = {PostgreSQL documentation},
	note = {Acesso em 20 de fevereiro de 2022},
	howpublished = {Disponível em: <\url{https://www.postgresql.org}>},
	year = {2022}
}

@misc{aws,
  title = {Amazon Web Services documentation},
	note = {Acesso em 20 de fevereiro de 2022},
	howpublished = {Disponível em: <\url{https://aws.amazon.com}>},
	year = {2022}
}

@misc{heroku,
  title = {Heroku documentation},
	note = {Acesso em 20 de fevereiro de 2022},
	howpublished = {Disponível em: <\url{http://heroku.com}>},
	year = {2022}
}

@misc{javascript,
  title = {Javascript documentation},
	note = {Acesso em 20 de fevereiro de 2022},
	howpublished = {Disponível em: <\url{https://developer.mozilla.org/docs/Web/JavaScript}>},
	year = {2022}
}

@misc{typescript,
  title = {Typescript documentation},
	note = {Acesso em 20 de fevereiro de 2022},
	howpublished = {Disponível em: <\url{https://www.typescriptlang.org}>},
	year = {2022}
}

@misc{graphql,
  title = {GraphQL documentation},
	note = {Acesso em 20 de fevereiro de 2022},
	howpublished = {Disponível em: <\url{https://graphql.org}>},
	year = {2022}
}

@misc{terraform,
  title = {Terraform documentation},
	note = {Acesso em 20 de fevereiro de 2022},
	howpublished = {Disponível em: <\url{https://www.terraform.io}>},
	year = {2022}
}

@misc{docker,
  title = {Docker documentation},
	note = {Acesso em 20 de fevereiro de 2022},
	howpublished = {Disponível em: <\url{https://www.docker.com}>},
	year = {2022}
}

@misc{node,
  title = {Node.js documentation},
	note = {Acesso em 20 de fevereiro de 2022},
	howpublished = {Disponível em: <\url{https://nodejs.org}>},
	year = {2022}
}

@misc{koa,
  title = {Koa documentation},
	note = {Acesso em 20 de fevereiro de 2022},
	howpublished = {Disponível em: <\url{https://koajs.com}>},
	year = {2022}
}

@misc{prisma,
  title = {Prisma documentation},
	note = {Acesso em 20 de fevereiro de 2022},
	howpublished = {Disponível em: <\url{https://www.prisma.io}>},
	year = {2022}
}

@misc{jest,
  title = {Jest documentation},
	note = {Acesso em 20 de fevereiro de 2022},
	howpublished = {Disponível em: <\url{https://jestjs.io}>},
	year = {2022}
}

@misc{supertest,
  title = {Supertest documentation},
	note = {Acesso em 20 de fevereiro de 2022},
	howpublished = {Disponível em: <\url{https://www.npmjs.com/package/supertest}>},
	year = {2022}
}

@misc{react,
  title = {React documentation},
	note = {Acesso em 20 de fevereiro de 2022},
	howpublished = {Disponível em: <\url{https://reactjs.org}>},
	year = {2022}
}

@misc{react-native,
  title = {React Native documentation},
	note = {Acesso em 20 de fevereiro de 2022},
	howpublished = {Disponível em: <\url{https://reactnative.dev}>},
	year = {2022}
}

@misc{expo,
  title = {Expo documentation},
	note = {Acesso em 20 de fevereiro de 2022},
	howpublished = {Disponível em: <\url{https://expo.dev}>},
	year = {2022}
}

@misc{relay,
  title = {Relay documentation},
	note = {Acesso em 20 de fevereiro de 2022},
	howpublished = {Disponível em: <\url{https://relay.dev}>},
	year = {2022}
}

@misc{recoil,
  title = {Recoil documentation},
	note = {Acesso em 20 de fevereiro de 2022},
	howpublished = {Disponível em: <\url{https://recoiljs.org}>},
	year = {2022}
}

@misc{react-navigation,
  title = {React Navigation documentation},
	note = {Acesso em 20 de fevereiro de 2022},
	howpublished = {Disponível em: <\url{https://reactnavigation.org}>},
	year = {2022}
}

